<record><leader>00000cas a22000007a 4500</leader><controlfield tag="001">12830083</controlfield><controlfield tag="008">851121d19021909utuwr ne      0    0eng d</controlfield><datafield ind1=" " ind2=" " tag="010"><subfield code="a">sn 85058314 </subfield></datafield><datafield ind1=" " ind2=" " tag="040"><subfield code="a">UNP</subfield><subfield code="b">eng</subfield><subfield code="c">UNP</subfield><subfield code="d">OCLCQ</subfield></datafield><datafield ind1=" " ind2=" " tag="042"><subfield code="a">msc</subfield></datafield><datafield ind1=" " ind2="4" tag="050"><subfield code="a">AN2.U8</subfield><subfield code="b">.W43</subfield></datafield><datafield ind1="0" ind2=" " tag="130"><subfield code="a">Weekly standard (Ogden, Utah)</subfield></datafield><datafield ind1="1" ind2="4" tag="245"><subfield code="a">The weekly standard.</subfield></datafield><datafield ind1=" " ind2=" " tag="260"><subfield code="a">Ogden, Utah :</subfield><subfield code="b">Standard Pub. Co.,</subfield><subfield code="c">1902-1909.</subfield></datafield><datafield ind1=" " ind2=" " tag="300"><subfield code="a">8 v. :</subfield><subfield code="b">ill.</subfield></datafield><datafield ind1=" " ind2=" " tag="310"><subfield code="a">Weekly</subfield></datafield><datafield ind1="0" ind2=" " tag="362"><subfield code="a">32nd year, no. 77 (Oct. 3, 1902)-39th year (Apr. 9, 1909).</subfield></datafield><datafield ind1=" " ind2=" " tag="515"><subfield code="a">Issues for Jan. 1-8, 1904 incorrectly dated 1903 on masthead.</subfield></datafield><datafield ind1=" " ind2=" " tag="580"><subfield code="a">Continues in part: Semi-weekly standard (Ogden, Utah : 1888) replacing the Friday issue.</subfield></datafield><datafield ind1=" " ind2=" " tag="580"><subfield code="a">Merged with: Weekly sun (Ogden, Utah), to form: Semi-weekly standard (Ogden, Utah : 1909).</subfield></datafield><datafield ind1=" " ind2=" " tag="752"><subfield code="a">United States</subfield><subfield code="b">Utah</subfield><subfield code="c">Weber</subfield><subfield code="d">Ogden.</subfield></datafield><datafield ind1="1" ind2="1" tag="785"><subfield code="t">Semi-weekly standard (Ogden, Utah : 1888)</subfield><subfield code="w">(DLC)sn 85058313</subfield></datafield><datafield ind1="1" ind2="4" tag="785"><subfield code="t">Weekly sun (Ogden, Utah)</subfield><subfield code="w">(DLC)sn 85058315</subfield><subfield code="w">(OCoLC)12830163</subfield></datafield><datafield ind1="1" ind2="4" tag="785"><subfield code="t">Semi-weekly standard (Ogden, Utah : 1909)</subfield><subfield code="w">(DLC)sn 85058316</subfield></datafield></record>